@Article{Rigby&Stasinopoulos_JofRSS2005,
author = {Rigby, R A and Stasinopoulos, M D},
title = {{Generalized additive models for location, shape and scale}},
journal = {Journal of the Royal Statistical Society: Series C (Applied Statistics)},
year = {2005},
volume = {54},
number = {3},
pages = {507-554}
}

@Article{Sardy&Victoria-Feser_StatComput2012,
author = {Sardy, Sylvain and Victoria-Feser, Maria Pia},
title = {{Isotone additive latent variable models}},
journal = {Statistics and Computing},
year = {2012},
volume = {22},
pages = {647-659}
}

@Article{Moustaki&Knott_Psychometrika2000,
author = {Moustaki, Irini and Knott, Martin},
title = {{Generalized Latent Trait Models}},
journal = {Psychometrika},
year = {2000},
volume = {65},
number = {3},
pages = {391-411}
}

@book{BKM2011,
author = {Bartholomew, David and Knott, Martin and Moustaki, Irini},
year = {2011},
title = {Latent Variable Models and Factor Analysis: A Unified Approach},
edition = {3rd},
publisher = {New York, NY, US: John Wiley \& Sons, Ltd},
series = {Wiley Series in Probability and Statistics}
}

@Article{Rizopoulos&Moustaki_BJMSP2008,
author = {Rizopoulos, Dimitri and Moustaki, Irini},
title = {{Generalized latent variable models with non-linear effects}},
journal = {British Journal of Mathematical and Statistical Psychology},
year = {2008},
volume = {61},
number = {2},
pages = {415-438}
}

@Article{Marra&Radice_DependModlel2017,
author = {Marra, Giampiero and Radice, Rosalba},
title = {{A joint regression modeling framework for analyzing bivariate binary data in R}},
journal = {Dependence Modeling},
year = {2017},
volume = {5},
number = {1},
pages = {268-294}
}

@Article{Bartholomew_Biometrika1984,
author = {Bartholomew, D J},
title = {{The foundations of factor analysis}},
journal = {Biometrika},
year = {1984},
volume = {71},
number = {2},
pages = {221-232}
}

@Article{Nelder&Wedderburn_JofRSS1972,
author = {Nelder, J A and Wedderburn, R W M},
title = {{Generalized linear models}},
journal = {Journal of the Royal Statistical Society: Series A (Statistics in Society)},
year = {1972},
volume = {135},
number = {2},
pages = {370-384}
}

@book{MN1989,
author = {McCullagh, Peter and Nelder, John A.},
publisher = {Chapman \& Hall / CRC},
title = {Generalized Linear Models},
series = {Chapman \& Hall/CRC Monographs on Statistics and Applied Probability (37)},
year = {1989}
}

@Article{RadiceEtAl_StatComput2016,
author = {Radice, Rosalba and Marra, Giampiero and Wotjy\'s, Ma\l{}gorzata},
title = {{Copula regression spline models for binary outcomes}},
journal = {Statistics and Computing},
year = {2016},
volume = {26},
number = {5},
pages = {981-995}
}

@Article{MarraEtAl_JASA2017,
author = {Marra, Giampiero and Radice, Rosalba and B\"arnighausen, Till and Wood, Simon N and McGovern, Mark E},
title = {{A Simultaneous Equation Approach to Estimating HIV Prevalence With Nonignorable Missing Responses}},
journal = {Journal of the American Statistical Association},
year = {2017},
volume = {112},
number = {518},
pages = {484-496}
}

@article{YangEtAl_NeuInf2012,
author = {Yang, Eunho and Ravikumar, Pradeep D and Allen, Genevera I and Liu, Zhandong},
year = {2012},
month = {01},
pages = {1358-1366},
title = {Graphical Models via Generalized Linear Models},
volume = {2},
journal = {Advances in Neural Information Processing Systems}
}



@InProceedings{YangEtAl_PMLR2014,
title = {{Mixed Graphical Models via Exponential Families}},
author = {Yang, Eunho and Ravikumar, Pradeep D and Allen, Genevera I and Liu, Zhandong},
booktitle = {Proceedings of the Seventeenth International Conference on Artificial Intelligence and Statistics},
pages = {1042-1050},
year = {2014},
editor = {Samuel Kaski and Jukka Corander},
volume = {33},
series = {Proceedings of Machine Learning Research}
}

@article{ChenEtAl_Biometrika2015,
author = {Chen, Shizhe and Witten, Daniela M. and Shojaie, Ali},
title = {{Selection and Estimation for Mixed Graphical Models}},
journal = {Biometrika},
volume = {102},
number = {1},
pages = {47-64},
year = {2015},
}

@article{Moustaki_BJMSP1996,
author = {Moustaki, Irini},
title = {A latent trait and a latent class model for mixed observed variables},
journal = {British Journal of Mathematical and Statistical Psychology},
volume = {49},
number = {2},
pages = {313-334},
year = {1996}
}

@book{GAMLSSBook2017,
author = {Stasinopoulos, M D and Rigby, Robert A and Heller, Gillian Z and Voudouris, Vlasios and De Bastiani, Fernanda},
year = {2017},
publisher = {Chapman \& Hall / CRC},
title = {Flexible regression and smoothing: Using GAMLSS in R},
series = {Chapman \& Hall/CRC The R Series}
}

@article{McDonald_Psychometrika1962,
author = {McDonald, R P},
title = {A general approach to nonlinear factor analysis},
journal = {Psychometrika},
volume = {27},
number = {4},
pages = {397-415},
year = {1962}
}

@article{Yalcin&Amemiya_StatSci2001,
author = {Yalcin, Ilker and Amemiya, Yasuo},
year = {2001},
month = {08},
pages = {275-294},
title = {Nonlinear Factor Analysis as a Statistical Method},
volume = {16},
number = {3},
journal = {Statistical Science}
}

@article{Zhu&Lee_BJMSP1999,
author = {Zhu, Hong-Tu and Lee, Sik-Yum},
title = {Statistical analysis of nonlinear factor analysis models},
journal = {British Journal of Mathematical and Statistical Psychology},
volume = {52},
number = {2},
pages = {225-242},
year = {1999}
}

@article{KleinEtAl_JRSS2015,
author = {Klein, Nadja and Kneib, Thomas and Klasen, Stephan and Lang, Stefan},
title = {Bayesian structured additive distributional regression for multivariate responses},
journal = {Journal of the Royal Statistical Society: Series C (Applied Statistics)},
volume = {64},
number = {4},
pages = {569-591},
year = {2015}
}

@article{Marra&Radice_CSDA2017,
title ={Bivariate copula additive models for location, scale and shape},
journal ={Computational Statistics \& Data Analysis},
volume ={112},
pages ={99-113},
year ={2017},
author ={Giampiero Marra and Rosalba Radice}
}

@article{FilippouEtAl_Biostat2017,
author = {Filippou, Panagiota and Marra, Giampiero and Radice, Rosalba},
title ={{Penalized likelihood estimation of a trivariate additive probit model}},
journal = {Biostatistics},
volume = {18},
number = {3},
pages = {569-585},
year = {2017}
}

@article{FilippouEtAl_JSPI2019,
title ={A trivariate additive regression model with arbitrary link functions and varying correlation matrix},
journal ={Journal of Statistical Planning and Inference},
volume ={199},
pages ={236-248},
year ={2019},
author ={Filippou, Panagiota and Kneib, Thomas and Marra, Giampiero and Radice, Rosalba}
}

@Article{Klein&Kneib_StatComput2016,
author = {Klein, Nadja and Kneib, Thomas},
title = {{Simultaneous inference in structured additive conditional copula regression models: a unifying Bayesian approach}},
journal = {Statistics and Computing},
year = {2016},
volume = {26},
pages = {841-860}
}

@article{UmlaufEtAl_JCGS2018,
author = {Umlauf, Nikolaus and Klein, Nadja and Zeileis, Achim},
title = {{BAMLSS: Bayesian Additive Models for Location, Scale, and Shape (and Beyond)}},
journal = {Journal of Computational and Graphical Statistics},
volume = {27},
number = {3},
pages = {612-627},
year  = {2018}
}

@article{Umlauf&Kneib_StatMod2018,
author = {Umlauf, Nikolaus and Kneib, Thomas},
title = {{A primer on Bayesian distributional regression}},
journal = {Statistical Modelling},
volume = {18},
number = {3-4},
pages = {219-247},
year = {2018}
}

@article{Papageorgiou&Moustaki_StatComp2019,
author = {Papageorgiou, Ioulia and Moustaki, Irini},
year = {2019},
volume = {29},
pages = {351-365},
title = {Sampling of pairs in pairwise likelihood estimation for latent variable models with categorical observed variables},
journal = {Statistics and Computing}
}

@Article{VasdekisEtAl_Psychometrika2012,
author = {Vasdekis, Vassilis G S and Cagnone, Silvia and Moustaki, Irini},
title = {{A Composite Likelihood Inference in Latent Variable Models for Ordinal Longitudinal Responses}},
journal = {Psychometrika},
year = {2012},
volume = {77},
number = {3},
pages = {425-441}
}

@book{GM1996,
author = {Lauritzen, Steffen L.},
publisher = {Oxford University Press},
title = {Graphical Models},
series = {Oxford Statistical Science Series},
edition = {1st},
year = 1996
}

@book{PGM2009,
author = {Koller, Daphne and Friedman, Nir},
title = {Probabilistic Graphical Models: Principles and Techniques - Adaptive Computation and Machine Learning},
year = {2009},
publisher = {The MIT Press},
edition = {1st},
series = {Adaptive Computation and Machine Learning Series}
}

@article{Anderson&Bockenholt_Psychometrika2000,
author = {Anderson, Carolyn J and B\"ockenholt, Ulf},
year = {2000},
pages = {497-509},
title = {Graphical regression models for polytomous variables},
volume = {65},
number = {4},
journal = {Psychometrika},
}

@article{Anderson&Jeroen_SocMeth2000,
author = {Anderson, Carolyn J. and Vermunt, Jeroen K.},
title ={{Log-Multiplicative Association Models as Latent Variable Models for Nominal and/or Ordinal Data}},
journal = {Sociological Methodology},
volume = {30},
number = {1},
pages = {81-121},
year = {2000}
}

@article{Anderson&Yu_Psychometrika2007,
author = {Anderson, Carolyn J and Yu, Hsiu-Ting},
year = {2007},
pages = {5-23},
title = {Log-multiplicative association models as item response models},
volume = {72},
number = {1},
journal = {Psychometrika},
}

@article{AndersonEtAl_JEBS2010,
author = {Anderson, Carolyn J and Verkuilen, Jay and Peyton, Buddy L},
year = {2010},
pages = {422-452},
title = {{Modeling Polytomous Item Responses Using Simultaneously Estimated Multinomial Logistic Regression Models}},
volume = {35},
number = {4},
journal = {Journal of Educational and Behavioral Statistics}
}

@article{Anderson_JofCla2013,
author = {Anderson, Carolyn J},
year = {2013},
pages = {276-303},
title = {{Multidimensional Item Response Theory Models with Collateral Information as Poisson Regression Models}},
volume = {30},
journal = {Journal of Classification}
}

@article{Cressie&_Psychometrika1993,
author = {Cressie, Noel and Holland, Paul W},
year = {1993},
pages = {129-141},
title = {Characterizing the manifest probabilities of Latent Trait Models},
volume = {48},
number = {1},
journal = {Psychometrika},
}

@article{Holland_Psychometrika1990,
author = {Holland, Paul W},
year = {1990},
pages = {5-18},
title = {The Dutch identity: A new tool for the study of Item Response Models},
volume = {55},
number = {1},
journal = {Psychometrika},
}

@article{MarsmanEtAl_MultBehRes2018,
author = {M. Marsman and D. Borsboom and J. Kruis and S. Epskamp and R. van Bork and L. J. Waldorp and H. L. J. van der Maas and G. Maris},
title = {{An Introduction to Network Psychometrics: Relating Ising Network Models to Item Response Theory Models}},
journal = {Multivariate Behavioral Research},
volume = {53},
number = {1},
pages = {15-35},
year  = {2018},
}

@article{vanBorkEtAl_MultBehRes2019,
author = {Riet van Bork and Mijke Rhemtulla and Lourens J. Waldorp and Joost Kruis and Shirin Rezvanifar and Denny Borsboom},
title = {{Latent Variable Models and Networks: Statistical Equivalence and Testability}},
journal = {Multivariate Behavioral Research},
year  = {2019},
note = {doi:10.1080/00273171.2019.1672515},
}

@article{WaldorpEtAl_Behaviormetrika2019,
author = {Waldorp, L. and Marsman, M. and Maris, G},
year = {2019},
pages = {49-72},
title = {{Logistic regression and Ising networks: prediction and estimation when violating lasso assumptions}},
volume = {46},
journal = {Behaviormetrika}
}

@article{EskampEtAl_Psychometrika2017,
author = {Sacha Epskamp and Mijke Rhemtulla and Denny Borsboom},
year = {2017},
pages = {904-927},
title = {Generalized Network Psychometrics: Combining Network and Latent Variable Models},
volume = {82},
number = {4},
journal = {Psychometrika},
}

@article{Dobra&Lenkoski_AnnalsAppStat2011,
author = {Adrian Dobra and Alex Lenkoski},
year = {2011},
pages = {969-993},
title = {{Copula Gaussian Graphical Models and the Application to Modeling Functional Disability Data}},
volume = {5},
number = {2A},
journal = {The Annals of Applied Statistics},
}

@article{LiuEtAl_AnnalsStat2012,
author = {Han Liu and Fang Han and Ming Yuan and John Lafferty and Larry Wasserman},
year = {2012},
pages = {2293-2326},
title = {{High-dimensional Semiparametric Gaussian Copula Graphical Models}},
volume = {40},
number = {4},
journal = {The Annals of Statistics},
}

@article{Krupskii&Joe_JMVA2013,
author = {Pavel Krupskii and Harry Joe},
year = {2013},
pages = {85-101},
title = {{Factor copula models for multivariate data}},
volume = {120},
journal = {Journal of Multivariate Analysis},
}

@article{Niko&Joe_Psychometrika2015,
author = {Aristidis K Nikoloulopoulos and Harry Joe},
year = {2015},
pages = {126-150},
title = {{Factor Copula Models for Item Response Data}},
volume = {80},
number = {1},
journal = {Psychometrika},
}

@article{Kadhem&Niko_arXiv2019,
title={Factor copula models for mixed data},
author={Sayed H. Kadhem and Aristidis K. Nikoloulopoulos},
year={2019},
journal={arXiv.1907.07395:stat.ME}
}

@book{Joe2014,
author = {Harry Joe},
year = {2014},
title = {Depedence Modeling with Copulas},
publisher = {Chapman \& Hall / CRC},
series = {Chapman \& Hall/CRC Monographs on Statistics and Applied Probability (134)}
}

@article{WojtysEtAl_CSDA2018,
title ={Copula based generalized additive models for location, scale and shape with non-random sample selection},
journal ={Computational Statistics \& Data Analysis},
volume ={127},
pages ={1-14},
year ={2018},
author ={Małgorzata Wojtyś and Giampiero Marra and Rosalba Radice}
}

@article{KatsikatsouEtAl_CSDA2012,
title ={Pairwise likelihood estimation for factor analysis models with ordinal data},
journal ={Computational Statistics \& Data Analysis},
volume ={56},
number ={12},
pages ={4243-4258},
year ={2012},
author ={Myrsini Katsikatsou and Irini Moustaki and Fan Yang-Wallentin and Karl G. Jöreskog}
}

@article{Katsikatsou&Moustaki_Psychometrika2016,
author = {Katsikatsou, Myrsini and Moustaki, Irini},
year = {2016},
pages = {1046–1068},
title = {Pairwise Likelihood Ratio Tests and Model Selection Criteria for Structural Equation Models with Ordinal Variables},
volume = {81},
journal = {Psychometrika}
}

@book{HT1990,
author = {Hastie, Trevor J and Tibshirani, Robert J},
year = {1990},
publisher = {Chapman \& Hall / CRC},
title = {Generalized Additive Models},
series = {Chapman \& Hall/CRC Monographs on Statistics and Applied Probability (43)}
}

@article{DempsterEtAl_JRSS1977,
author = {A. P. Dempster and N. M. Laird and D. B. Rubin},
journal = {Journal of the Royal Statistical Society: Series B (Methodological)},
number = {1},
pages = {1-38},
title = {{Maximum Likelihood from Incomplete Data via the EM Algorithm}},
volume = {39},
year = {1977}
}

@article{McDonald_Psychometrika1967,
author = {McDonald, R P},
title = {Numerical methods for polynomial models in nonlinear factor analysis},
journal = {Psychometrika},
volume = {32},
number = {1},
pages = {77-112},
year = {1967}
}

@Article{McDonald_BJMSP1965,
author = {McDonald, R P},
title = {{Difficulty factors and non-linear factor analysis}},
journal = {British Journal of Mathematical and Statistical Psychology},
year = {1965},
volume = {18},
number = {1},
pages = {11-23}
}

@Article{McDonald_BJMSP1967,
author = {McDonald, R P},
title = {{Factor interaction in non-linear factor analysis}},
journal = {British Journal of Mathematical and Statistical Psychology},
year = {1967},
volume = {20},
number = {2},
pages = {205-215}
}

@article{Etezadi-Amoli&McDonald_Psychometrika1983,
author = {Etezadi-Amoli, Jamshid and McDonald, Roderick P},
title = {A second generation nonlinear factor analysis},
journal = {Psychometrika},
volume = {48},
number = {3},
pages = {315-342},
year = {1983}
}

@inproceedings{Wall&Amemiya_FA2007,
title={A Review of Nonlinear Factor Analysis and Nonlinear Structural Equation Modeling},
author={Melanie M. Wall and Yasuo Amemiya},
year={2007},
booktitle = {Factor Analysis at 100: Historical Developments and Future Directions},
pages = {337-361},
editor = {Robert Cudeck and Robert C. MacCallum},
publisher = {Lawrence Erlbaum Associates, Publishers}
}

@article{Fahrmeir&Raach_Psychometrika2007,
author = {Ludwing Fahrmeir and Alexander Raach},
title = {{A Bayesian Semiparametric Latent Variable Model for Mixed Responses}},
journal = {Psychometrika},
volume = {72},
number = {3},
pages = {327-346},
year = {2007}
}

@article{Arminger&Muthen_Psychometrika1998,
author = {Gerhard Arminger and Bengt O. Muth\'en},
title = {{A Bayesian Approach to Nonlinear Latent Variable Models Using the Gibbs Sampler and the Metropolis-Hastings Algorithm}},
journal = {Psychometrika},
volume = {63},
number = {3},
pages = {271-300},
year = {1998}
}

@article{Yang&Dunson_Psychometrika2010,
author = {Mingan Yang and David B. Dunson},
title = {{Bayesian Semiparametric Structural Equation Models with Latent Variables}},
journal = {Psychometrika},
volume = {75},
number = {4},
pages = {675-693},
year = {2010}
}

@Article{Song&Lu_JofCGStats2010,
author = {Song, Xin-Yuan and Lu, Zhao-Hua},
title = {{Semiparametric Latent Variable Models with Bayesian P-Splines}},
journal = {Journal of Computational and Graphical Statistics},
year = {2010},
pages = {590-608},
volume = {19},
number = {3}
}

@article{Kelava&Nagengast_MultBehRes2012,
author = {Augustin Kelava and Benjamin Nagengast},
title = {{A Bayesian Model For The Estimation Of Latent Interaction And Quadratic Effects When Latent Variables Are Non-Normally Distributed}},
journal = {Multivariate Behavioral Research},
volume = {47},
number = {5},
pages = {717-742},
year  = {2012}
}

@article{Lee&Zhu_Psychometrika2002,
author = {Sik-Yum Lee and Hong-Tu Zhu},
title = {{Maximum Likelihood Estimation of Nonlinear Structural Equation Models}},
journal = {Psychometrika},
volume = {67},
number = {2},
pages = {189-210},
year = {2002}
}

@Article{Moustaki_BJMSP2003,
author = {Moustaki, Irini},
title = {{A general class of latent variable models for ordinal manifest variables with covariate effects on the manifest and latent variables}},
journal = {British Journal of Mathematical and Statistical Psychology},
year = {2003},
volume = {56},
number = {2},
pages = {337–357}
}

@article{JinEtAl_Psychometrika2018,
author = {Shaobo Jin and Irini Moustaki and Fan Yang-Wallentin},
title = {{Approximated Penalized Maximum Likelihood for Explanatory Factor Analysis: An orthogonal case}},
journal = {Psychometrika},
volume = {83},
number = {3},
pages = {628-649},
year = {2018}
}

@article{Scharf&Nestler_SEM2019,
author = {Florian Scharf and Steffen Nestler},
title = {{Should Regularization Replace Simple Structure Rotation in Exploratory Factor Analysis?}},
journal = {Structural Equation Modeling: A Multidisciplinary Journal},
volume = {26},
number = {4},
pages = {576–590},
year = {2019}
}

@article{Falk&Cai_Psychometrika2016,
author = {Carl F. Falk and Li Cai},
title = {{Maximum Marginal Likelihood Estimation of a Monotonic Polynomial Generalized Partial Credit Model with Applications to Multiple Group Analysis}},
journal = {Psychometrika},
volume = {81},
number = {2},
pages = {434–460},
year = {2016}
}

@article{Falk&Cai_JofEduMeas2016,
author = {Carl F. Falk and Li Cai},
title = {{Semiparametric Item Response Functions in the Context of Guessing}},
journal = {Journal of Educational Measurement},
volume = {53},
number = {2},
pages = {229–247},
year = {2016}
}

@article{HuberEtAl_JRSS2004,
author = {Philippe Huber and Elvezio Ronchetti and Maria-Pia Victoria-Feser},
journal = {Journal of the Royal Statistical Society: Series B (Methodological)},
number = {4},
pages = {893–908},
title = {{Estimation of generalized linear latent variable models}},
volume = {66},
year = {2004}
}

@Article{HuiEtAl_JofCGStats2017,
author = {Francis K. C. Hui and David I. Warton and John T. Ormerod and Viivi Haapaniemi and Sara Taskinen},
title = {{Variational Approximations for Generalized Linear Latent Variable Models}},
journal = {Journal of Computational and Graphical Statistics},
year = {2017},
pages = {35-43},
volume = {26},
number = {1}
}

@article{Peress_Psychometrika2012,
author = {Michael Peress},
title = {{Identification of a Semiparametric Item Response Model}},
journal = {Psychometrika},
volume = {77},
number = {2},
pages = {223–243},
year = {2012}
}

@article{Wall&Amemiya_JofEdBehSta2001,
author = {Wall, Melanie M and Amemiya, Yasuo},
year = {2001},
pages = {1-29},
title = {{Generalized Appended Product Indicator Procedure for Nonlinear Structural Equation Analysis}},
volume = {26},
number = {1},
journal = {Journal of Educational and Behavioral Statistics}
}

@article{Kenny&Judd_PsychBull1984,
author = {David A Kenny and Charles M Judd},
title = {{Estimating the Nonlinear and Interaction Effects of Latent Variables}},
journal = {Psychological Bulletin},
volume = {96},
number = {1},
pages = {201-210},
year = {1984}
}

@article{Klein&Moosbrugger_Psychometrika2000,
author = {Andreas Klein and Helfried Moosbrugger},
title = {{Maximum Likelihood Estimation of Latent Interactions Effects with the LMS Method}},
journal = {Psychometrika},
volume = {65},
number = {4},
pages = {457-474},
year = {2000}
}

@article{Finch_SEM2015,
author = {W Holmes Finch},
title = {{Modeling Nonlinear Structural Equation Models: A Comparison of the Two-Stage Generalized Additive Models and the Finite Mixture Structural Equation Model}},
journal = {Structural Equation Modeling: A Multidisciplinary Journal},
volume = {22},
number = {1},
pages = {60-75},
year = {2015}
}

@Article{LewinKoh&Amemiya_Biometrika2003,
author = {Sock-Cheng Lewin-Koh and Yasuo Amemiya},
title = {{Heteroscedastic factor analysis}},
journal = {Biometrika},
year = {2003},
volume = {90},
number = {1},
pages = {85-97}
}

@Article{Molenaar_Psychometrika2015,
author = {Dylan Molenaar},
title = {{Heteroscedastic Latent Trait Models for Dichotomous Data}},
journal = {Psychometrika},
year = {2015},
volume = {80},
number = {3},
pages = {625-644}
}

@Article{Marra&Radice_StatMod2011,
author = {Marra, Giampiero and Radice, Rosalba},
title = {{A flexible instrumental variable approach}},
journal = {Statistical Modeling},
year = {2011},
volume = {11},
number = {6},
pages = {581-603}
}

@Article{Bollen_Psychometrika1996,
author = {Kenneth Bollen},
title = {{An Alternative Two Stage Least Squares (2SLS) Estimator for Latent Variable Equations}},
journal = {Psychometrika},
year = {1996},
volume = {61},
number = {1},
pages = {109-121}
}

@book{Woods2017,
author = {Simon N Wood},
year = {2017},
title = {Generalized Additive Models: An Introduction with R},
edition = {2nd},
publisher = {Chapman \& Hall / CRC},
series = {Texts in Statistical Science}
}

@book{RC2003,
author = {Ruppert, David and Wand, M. P. and Carroll, R. J.},
year = {2003},
title = {Semiparametric Regression},
edition = {1st},
series = {Cambridge Series in Statistical and Probabilistic Mathematics},
publisher = {Cambridge University Press}, 
}

@Article{ChoiEtAl_SII2010,
author = {Jang Choi and Hui Zou and Gary Oehlert},
title = {{A penalized maximum likelihood approach to sparse factor analysis}},
journal = {Statistics and its Interface},
year = {2010},
volume = {3},
number = {4},
pages = {429-436}
}

@Article{Hirose&Yamamoto_StatComp2015,
author = {Kei Hirose and Michio Yamamoto},
title = {{Sparse estimation via nonconcave penalized likelihood in factor analysis model}},
journal = {Statistics and Computing},
year = {2015},
volume = {25},
pages = {863–875}
}

@Article{Wall&Amemiya_JASA2000,
author = {Melanie M. Wall and Yasuo Amemiya},
title = {{Estimation for Polynomial Structural Equation Models}},
journal = {Journal of the American Statistical Association},
year = {2000},
volume = {95},
number = {451},
pages = {929-940}
}

@Article{Rigby&Stasinopoulos_StatComp1996,
author = {Rigby, R A and Stasinopoulos, M D},
title = {{A semi-parametric additive model for variance heterogeneity}},
journal = {Statistics and Computing},
year = {1996},
volume = {6},
pages = {57-65}
}

@Article{Cole&Green_StatMed1992,
author = {T J Cole and P J Green},
title = {{Smoothing Reference Centile Curves: The LMS Method and Penalized Likelihood}},
journal = {Statistics in Medicine},
year = {1992},
volume = {11},
pages = {1305-1322}
}

@Article{Bauer_SEM2005,
author = {Daniel J Bauer},
title = {{A Semiparametric Approach to Modeling Nonlinear Relations Among Latent Variables}},
journal = {Structural Equation Modeling: A Multidisciplinary Journal},
year = {2005},
volume = {12},
number = {4},
pages = {513-535}
}

@Book{Bollen1989,
author = {Bollen, Kenneth},
title = {Structural Equations with Latent Variables},
publisher = {New York, NY, US: John Wiley \& Sons, Ltd.},
edition = {1st},
year = {1989}
}

@Book{LM1971,
author = {D. N. Lawley and A. E. Maxwell},
title = {Factor Analysis as a Statistical Method},
publisher = {London : Butterworths},
edition = {2nd},
year = {1971}
}

@article{Lawley&Maxwell_JRSS1962,
author = {D. N. Lawley and A. E. Maxwell},
title = {Factor Analysis as a Statistical Method},
journal = {Journal of the Royal Statistical Society: Series D (The Statistician)},
volume = {12},
number = {3},
pages = {209-229},
year = {1962}
}

@article{Laird&Ware_Biometrics1982,
author = {Nan M. Laird and James H. Ware},
title = {Random-Effects Models for Longitudinal Data},
journal = {Biometrics},
volume = {38},
number = {4},
pages = {963-974},
year = {1982}
}

@Article{Zeger&Karim_JASA1991,
author = {Scott L. Zeger and M. Rezaul Karim},
title = {{Generalized Linear Models With Random Effects; A Gibbs Sampling Approach}},
journal = {Journal of the American Statistical Association},
year = {1991},
volume = {86},
number = {413},
pages = {79-86}
}

@article{Lee&Nelder_JRSS1996,
author = {Y. Lee and J. A. Nelder},
title = {Hierarchical Generalized Linear Models},
journal = {Journal of the Royal Statistical Society: Series B (Methodological)},
volume = {58},
number = {4},
pages = {619-678},
year = {1996}
}

@article{Lee&Nelder_Biometrika2001,
author = {Y. Lee and J. A. Nelder},
title = {Hierarchical generalised linear models: A synthesis of generalised linear models, random‐effect models and structured dispersions},
journal = {Biometrika},
volume = {88},
number = {4},
pages = {987–1006},
year = {2001}
}

@article{Lee&Nelder_JRSS2006,
author = {Y. Lee and J. A. Nelder},
title = {Double hierarchical generalized linear models},
journal = {Journal of the Royal Statistical Society: Series C (Applied Statistics)},
volume = {55},
number = {2},
pages = {139–185},
year = {2006}
}

@Article{Bock&Aitkin_Psychometrika1981,
author = {R Darrell Bock and Murray Aitkin},
title = {{Marginal Maximum Likelihood Estimation of Item Parameters: Application of an EM algorithm}},
journal = {Psychometrika},
year = {1981},
volume = {46},
number = {4},
pages = {443-459}
}

@article{Bartholomew_JRSS1980,
author = {Bartholomew, D J},
title = {Factor Analysis for Categorical Data},
journal = {Journal of the Royal Statistical Society: Series B (Methodological)},
volume = {42},
number = {3},
pages = {293-321},
year = {1980}
}

@Book{LN1968,
author = {Frederic M. Lord and Melvin R. Novick},
title = {Statistical Theories of Mental Test Scores},
publisher = {Reading, MA, US: Addison-Wesley},
edition = {1st},
year = {1968}
}

@Article{Meijer&Mooijart_BJMSP1996,
author = {Erik Meijer and Ab Mooijaart},
title = {{Factor analysis with heteroscedastic errors}},
journal = {British Journal of Mathematical and Statistical Psychology},
year = {1996},
volume = {49},
number = {1},
pages = {189-202}
}

@Article{MolenaarEtAl_Psychometrika2012,
author = {Dylan Molenaar and Conor V Dolan and de Boeck, Paul},
title = {{The Heteroscedastic Graded Response Model with a Skewed Latent Trait: Testing Statistical and Substantive Hypotheses Related to Skewed Item Category Functions}},
journal = {Psychometrika},
year = {2012},
volume = {77},
number = {3},
pages = {455-478}
}

@article{Hessen&Dolan_BJMSP2009,
author = {Hessen, David J. and Dolan, Conor V.},
title = {Heteroscedastic one-factor models and marginal maximum likelihood estimation},
journal = {British Journal of Mathematical and Statistical Psychology},
volume = {62},
number = {1},
pages = {57-77},
year = {2009}
}

@article{Asparouhov&Muthen_SEM2016,
author = {Tihomir Asparouhov and Bengt Muthén},
title = {{Structural Equation Models and Mixture Models With Continuous Nonnormal Skewed Distributions}},
journal = {Structural Equation Modeling: A Multidisciplinary Journal},
volume = {23},
number = {4},
pages = {1-19},
year = {2016}
}

@article{LinEtAl_TEST2015,
author = {Tsung-I Lin and Pal H. Wu and Geoffrey J. McLachlan and Sharon X. Lee},
title = {{A robust factor analysis model using the restricted skew-$t$ distribution}},
journal = {TEST},
volume = {24},
number = {3},
pages = {510–531},
year = {2015}
}

@article{WangEtAl_StatMethAppl2017,
author = {Wan-Lun Wang and Min Liu and Tsung-I Lin},
title = {{Robust skew-$t$ factor analysis models for handling missing data}},
journal = {Statistical Methods \& Applications},
volume = {26},
number = {4},
pages = {649–672},
year = {2017}
}

@article{Anderson&Amemiya_AnnStat1988,
author = {T. W. Anderson and Yasuo Amemiya},
title = {{The Asymptotic Normal Distribution of Estimators in Factor Analysis under General Conditions}},
journal = {The Annals of Statistics},
volume = {16},
number = {2},
pages = {759-771},
year = {1988}
}

@article{BrandtEtAl_SEM2014,
author = {Holger Brandt and Augustin Kelava and Andreas Klein},
title = {{A Simulation Study Comparing Recent Approaches for the Estimation of Nonlinear Effects in SEM Under the Condition of Nonnormality}},
journal = {Structural Equation Modeling: A Multidisciplinary Journal},
volume = {21},
number = {2},
pages = {181-195},
year = {2014}
}

@incollection{Joreskog&Yang_1996,
author = {Karl Gustav Jöreskog and Fan Yang},
title = {Nonlinear Structural Equation Models: The Kenny-Judd Model With Interaction Effects},
editor = {G. A. Marcoulides and R. E. Schumacker},
booktitle = {Advanced structural equation modeling: Issues and techniques},
publisher = {Mahwah, NJ, US: Erlbaum},
year = {1996},
pages = {57-87},
chapter = {3}
}

@article{MarshEtAl_PsyMeth2004,
author = {Herbert W. Marsh and Zhonglin Wen and Kit-Tai Hau},
title = {{Structural Equation Models of Latent Interactions: Evaluation of Alternative Estimation Strategies and Indicator Construction}},
journal = {Psychological Methods},
volume = {9},
number = {3},
pages = {275-300},
year = {2004}
}

@article{Klein&Muthen_MultBehRes2007,
author = {Andreas G. Klein and Bengt O. Muthén},
title = {{Quasi-Maximum Likelihood Estimation of Structural Equation Models With Multiple
Interaction and Quadratic Effects}},
journal = {Multivariate Behavioral Research},
volume = {42},
number = {4},
pages = {647-673},
year  = {2007},
}

@article{CudeckEtAl_JEBS2009,
author = {Robert Cudeck and Jeffrey R. Harring and du Toit, Stephen H. C. },
year = {2009},
pages = {131-144},
title = {{Marginal Maximum Likelihood Estimation of a Latent Variable Model with Interaction}},
volume = {34},
number = {1},
journal = {Journal of Educational and Behavioral Statistics}
}

@article{Mooijart&Bentler_SEM2010,
author = {Ab Mooijaart and Peter M. Bentler},
title = {{An Alternative Approach for Nonlinear Latent Variable Models}},
journal = {Structural Equation Modeling: A Multidisciplinary Journal},
volume = {17},
number = {3},
pages = {357-373},
year = {2010}
}

@article{LeeEtAl_JEBS2003,
author = {Sik-Yum Lee and Xin-Yuan Song and John C. K. Lee},
year = {2003},
pages = {111-134},
title = {{Maximum Likelihood Estimation of Nonlinear Structural Equation Models with Ignorable Missing Data}},
volume = {28},
number = {2},
journal = {Journal of Educational and Behavioral Statistics}
}

@article{Kelava&Brandt_RevPsy2009,
author = {Agustin Kelava and Holger Brandt},
year = {2009},
pages = {123-131},
title = {{Estimation of nonlinear latent structural equation models using the extended unconstrained approach}},
volume = {16},
number = {2},
journal = {Review of Psychology}
}

@Article{Bollen_SocMeth1995,
author = {Kenneth Bollen},
title = {{Structural Equation Models That are Nonlinear in Latent Variables: A Least-Squares Estimator}},
journal = {Sociological Methodology},
year = {1995},
volume = {25},
pages = {223-251}
}

@article{LeeEtAl_SEM2007,
author = {Sik-Yum Lee and Xin-Yuan Song and Nian-Sheng Tang},
title = {{Bayesian Methods for Analyzing Structural Equation Models With Covariates, Interaction, and Quadratic Latent Variables}},
journal = {Structural Equation Modeling: A Multidisciplinary Journal},
volume = {14},
number = {3},
pages = {404-434},
year = {2007}
}

@Article{Song&Lee_MultBehRes2006,
author = {Xin-Yuan Song and Sik-Yum Lee},
title = {{Bayesian Analysis of Structural Equation Models With Nonlinear Covariates and Latent Variables}},
journal = {Multivariate Behavioral Research},
year = {2006},
pages = {337-365},
volume = {41},
number = {3}
}

@Article{Song&Lee_StatMed2007,
author = {Xin-Yuan Song and Sik-Yum Lee},
title = {{Bayesian analysis of latent variable models with non-ignorable missing outcomes from exponential family}},
journal = {Statistics in Medicine},
year = {2007},
volume = {26},
pages = {681–693}
}

@Article{LeeEtAl_BJMSP2009,
author = {Sik-Yum Lee and Xin-Yuan Song and Jing-Heng Cai and Wing-Yee So and Ching-Wang Ma and Chung-Ngor Juliana Chan},
title = {{Non-linear structural equation models with correlated continuous and discrete data}},
journal = {British Journal of Mathematical and Statistical Psychology},
year = {2009},
volume = {62},
number = {2},
pages = {327-347}
}

@Article{SongEtAl_Psychometrika2013,
author = {Xin-Yuan Song AND Zhao-Hua Lu and Jing-Heng Cai and Edward Hak-Sing Ip},
title = {{A Bayesian modeling approach for generalized semiparametric structural equation models}},
journal = {Psychometrika},
year = {2013},
volume = {78},
number = {4},
pages = {624–647}
}

@article{JinEtAl_SEM2020,
author = {Shaobo Jin and Johan Vegelius and Fan Yang-Wallentin},
title = {{A Marginal Maximum Likelihood Approach for Extended Quadratic Structural Equation Modeling with Ordinal Data}},
journal = {Structural Equation Modeling: A Multidisciplinary Journal},
pages = {1-10},
year  = {2020},
}

@article{KelavaEtAl_SEM2011,
author = {Augustin Kelava and Christina S. Werner and Karin Schermelleh-Engel and Helfried Moosbrugger and Dieter Zapf and Yue Ma and Heining Cham and Leona S. Aiken & Stephen G. West},
title = {{Advanced Nonlinear Latent Variable Modeling: Distribution Analytic LMS and QML Estimators of Interaction and Quadratic Effects}},
journal = {Structural Equation Modeling: A Multidisciplinary Journal},
volume = {18},
number = {3},
pages = {465-491},
year  = {2011},
}

@article{KelavaEtAl_SEM2014,
author = {Augustin Kelava and Benjamin Nagengast and Holger Brandt},
title = {{A Nonlinear Structural Equation Mixture Modeling Approach for Nonnormally Distributed Latent Predictor Variables}},
journal = {Structural Equation Modeling: A Multidisciplinary Journal},
volume = {21},
number = {3},
pages = {468-481},
year  = {2014},
}

@article{Wall&Amemiya_BJMSP2003,
author = {Wall, Melanie M and Amemiya, Yasuo},
year = {2003},
pages = {47-63},
title = {{A method of moments technique for fitting interaction effects in structural equation models}},
volume = {56},
number = {1},
journal = {British Journal of Mathematical and Statistical Psychology}
}

@Article{Joreskog_Psychometrika1969,
author = {Karl Gustav Jöreskog},
title = {{A General Approach to Confirmatory Maximum Likelihood Factor Analysis}},
journal = {Psychometrika},
year = {1969},
volume = {34},
number = {2},
pages = {183-202}
}

@Article{OBrien_SocMeth1994,
author = {Robert O'Brien},
title = {{Identification of Simple Measurement Models with Multiple Latent Variables and Correlated Errors}},
journal = {Sociological Methodology},
year = {1994},
volume = {24},
pages = {137-170}
}

@article{HarringEtAl_PsyMeth2012,
author = {Jeffrey R. Harring and Brandi A. Weiss and Jui-Chen Hsu},
title = {{A Comparison of Methods for Estimating Quadratic Effects in Nonlinear Structural Equation Models}},
journal = {Psychological Methods},
volume = {17},
number = {2},
pages = {193–214},
year = {2012}
}

@article{LeeEtAl_MultBehRes2004,
author = {Sik-Yum Lee and Xin Yuan Song and Wai-Yin Poon},
title = {{Comparison of Approaches in Estimating Interaction and Quadratic Effects of Latent
Variables}},
journal = {Multivariate Behavioral Research},
volume = {39},
number = {1},
pages = {37-67},
year  = {2004},
}

@article{Cagnone&Monari_CompStat2013,
title ={Latent variable models for ordinal data by using the adaptive quadrature approximation},
journal ={Computational Statistics},
volume ={28},
number = {2},
pages ={597-619},
year ={2013},
author ={Silvia Cagnone and Paola Monari}
}

@Book{SR2004,
author = {Skrondal, Anders and Rabe-Hesketh, Sophia},
year = {2004},
title = {{Generalized Latent Variable Modeling: multilevel, longitudinal, and structural equation models}},
publisher = {Boca Rat\'on, FL, US: Chapman \& Hall, CRC},
series = {Interdisciplinary Statistics}
}

@book{NW2006,
author = {Jorge Nocedal and Stephen J. Wright},
year = {2006},
title = {Numerical Optimization},
edition = {2nd},
publisher = {New York, NY, US: Springer-Verlag},
series = {Springer Series in Operations Research and Financial Engineering}
}

@Article{Joreskog_Biometrika1970,
author = {Karl Gustav Jöreskog},
title = {{A General Method for Analysis of Covariance Structures}},
journal = {Biometrika},
year = {1970},
volume = {57},
number = {2},
pages = {239-251}
}

@Article{Joreskog_ETS1970,
author = {Karl Gustav Jöreskog},
title = {{A General Method for Estimating a Linear Structural Equation System}},
journal = {ETS Research Bulletin Series},
year = {1970},
volume = {2}
}

@incollection{Joreskog_1973,
author = {Karl Gustav Jöreskog},
title = {A General Method for Estimating a Linear Structural Equation System},
editor = {A S Goldberger and O D Duncan},
booktitle = {Structural Equation Models in the Social Sciences},
publisher = {New York, NY, US: Seminar Press},
year = {1973},
pages = {85-112}
}

@book{BK1999,
author = {Bartholomew, David and Knott, Martin},
year = {1999},
title = {Latent Variable Models and Factor Analysis},
series = {Kendall Library of Statistics},
edition = {2nd},
volume = {7},
publisher = {London, UK: Arnold}
}

@Article{Eilers&Marx_StatSci1996,
author = {Paul H. C. Eilers and Brian D. Marx},
title = {{Flexible Smoothing with B-splines and Penalties}},
journal = {Statistical Science},
year = {1996},
volume = {11},
number = {2},
pages = {89-121}
}

@book{deBoor2001,
author = {Carl de Boor},
year = {2001},
title = {A Practical Guide to Splines (Revised Edition)},
edition = {2nd},
publisher = {New York, NY, US: Springer-Verlag},
series = {Springer Series in Applied Mathematical Sciences},
volume = {27}
}

@Article{Chang&Stout_Psychometrika1993,
author = {Hua-Hua Chang and William Stout},
title = {{The Asymptotic Posterior Normality of the Latent Trait in an IRT Model}},
journal = {Psychometrika},
year = {1993},
volume = {58},
number = {1},
pages = {37-52}
}

@Article{Knott&Albanese_BJPS1993,
author = {Martin Knott and Maria Teresa Albanese},
title = {{Conditional Distributions of a Latent Variable and Scoring for Binary Data}},
journal = {Revista Brasileira de Probabilidade e Estad\'istica (Brazilian Journal of Probability and Statistics)},
year = {1993},
volume = {6},
number = {2},
pages = {171-188}
}

@article{CurranEtAl_PsyMeth1996,
author = {Patrick J Curran and Stephen G West and John F Finch},
title = {{The Robustness of Test Statistics to Non-normality and Specification Error in Confirmatory Factor Analysis}},
journal = {Psychological Methods},
volume = {1},
number = {1},
pages = {16-29},
year = {1996}
}

@article{Hu&Bentler_PsyMeth1998,
author = {Hu, Li-Tze and Peter M Bentler},
title = {{Fit Indices in Covariance Structure Modeling: Sensitivity to Underparameterized Model Misspecification}},
journal = {Psychological Methods},
volume = {3},
number = {4},
pages = {424-453},
year = {1998}
}

@article{Flora&Curran_PsyMeth2004,
author = {David B Flora and Patrick J Curran},
title = {{An Empirical Evaluation of Alternative Methods of Estimation for Confirmatory Factor Analysis With Ordinal Data}},
journal = {Psychological Methods},
volume = {9},
number = {4},
pages = {466-491},
year = {2004}
}

@article{Hu&Bentler_SEM1999,
author = {Hu, Li-Tze and Peter M Bentler},
title = {{Cutoff criteria for fit indexes in covariance structure analysis: Conventional criteria versus new alternatives}},
journal = {Structural Equation Modeling: A Multidisciplinary Journal},
volume = {6},
number = {1},
pages = {1-55},
year = {1999}
}

@article{YangWallentinEtAl_SEM2010,
author = {Fan Yang-Wallentin and Karl G J\"oreskog and Hao Luo},
title = {{Confirmatory Factor Analysis of Ordinal Variables with Misspecified Models}},
journal = {Structural Equation Modeling: A Multidisciplinary Journal},
volume = {17},
number = {3},
pages = {392-423},
year = {2010}
}

@article{BollenEtAl_SMR2007,
author = {Kenneth A. Bollen and James B. Kirby and Patrick J. Curran and Pamela M. Paxton and Feinian Chen},
title = {{Latent Variable Models Under Misspecification: Two-Stage Least Squares (2SLS) and Maximum Likelihood (ML) Estimators}},
journal = {Sociological Methods \& Research},
volume = {36},
number = {1},
pages = {48-86},
year = {2007}
}

@article{Fan&Sivo_SEM2005,
author = {Xitao Fan and Stephen A. Sivo},
title = {{Sensitivity of Fit Indexes to Misspecified Structural or Measurement Model
Components: Rationale of Two-Index Strategy Revisited}},
journal = {Structural Equation Modeling: A Multidisciplinary Journal},
volume = {12},
number = {3},
pages = {343–367},
year = {2005}
}

@article{Fan&Sivo_MultBehRes2007,
author = {Xitao Fan and Stephen A. Sivo},
title = {{Sensitivity of Fit Indices to Model Misspecification and Model Types}},
journal = {Multivariate Behavioral Research},
volume = {42},
number = {3},
pages = {509-529},
year = {2007}
}

@article{FanEtAl_SEM1999,
author = {Xitao Fan and Bruce Thompson and Lin Wang},
title = {{Effects of sample size, estimation methods, and model specification on structural equation modeling fit indexes}},
journal = {Structural Equation Modeling: A Multidisciplinary Journal},
volume = {6},
number = {1},
pages = {56-83},
year = {1999}
}

@article{Fan&Wang_EPM1998,
author = {Xitao Fan and Lin Wang},
title = {{Effects of Potential Confounding Factors on Fit Indices and Parameter Estimates for True and Misspecified SEM Models}},
journal = {Educational and Psychological Measurement},
volume = {58},
number = {5},
pages = {701–735},
year = {1998}
}

@article{MacCallumEtAl_MultBehRes2001,
author = {Robert C. MacCallum and Keith F. Widaman and Kristopher J. Preacher and Sehee Hong},
title = {{Sample Size in Factor Analysis: The Role of Model Error}},
journal = {Multivariate Behavioral Research},
volume = {36},
number = {4},
pages = {611-637},
year = {2001}
}

@article{HardtEtAl_SEM2020,
author = {Katinka Hardt and Martin Hecht and Manuel C. Voelkle},
title = {{Robustness of Individual Score Methods against Model Misspecification in Autoregressive Panel Models}},
journal = {Structural Equation Modeling: A Multidisciplinary Journal},
volume = {27},
number = {2},
pages = {240-254},
year = {2020}
}

@article{SanchezEtAl_Biometrics2009,
author = {B. N. S\'anchez and E. A. Houseman and L. M. Ryan},
title = {Residual-Based Diagnostics for Structural Equation Models},
journal = {Biometrics},
volume = {65},
number = {1},
pages = {104-115},
year = {2009}
}

@article{BauerEtAl_SEM2012,
author = {Daniel J. Bauer and Ruth E. Baldasaro and Nisha C. Gottfredson},
title = {{Diagnostic Procedures for Detecting Nonlinear Relationships Between Latent Variables}},
journal = {Structural Equation Modeling: A Multidisciplinary Journal},
volume = {19},
number = {2},
pages = {157–177},
year = {2012}
}

@article{Pek&Chalmers_SEM2015,
author = {Jolynn Pek and R. Philip Chalmers},
title = {{Diagnosing Nonlinearity With Confidence Envelopes for a Semiparametric Approach to Modeling Bivariate Nonlinear Relations Among Latent Variables}},
journal = {Structural Equation Modeling: A Multidisciplinary Journal},
volume = {22},
number = {2},
pages = {288–293},
year = {2015}
}

@article{PekEtAl_JEBS2015,
author = {Jolynn Pek and R. Philip Chalmers and Bethany E. Kok and Diane Losardo},
title = {{Visualizing Confidence Bands for Semiparametrically Estimated Nonlinear Relations Among Latent Variables}},
journal = {Journal of Educational and Behavioral Statistics},
volume = {40},
number = {4},
pages = {402-423},
year = {2015}
}

@article{LinEtAl_StatSin2014,
author = {Huazhen Lin and Ling Zhou and Robert M. Elashoff and Yi Li},
title = {{Semiparametric Latent Variable Transformation Models for Multiple Mixed Outcomes}},
journal = {Statistica Sinica},
volume = {24},
number = {2},
pages = {833-854},
year = {2014}
}

@article{YuanEtAl_SocMet2003,
author = {Ke-Hai Yuan and Linda L. Marshall and Peter M. Bentler},
title = {{Assessing the Effect of Model Misspecifications on Parameter Estimates in Structural Equation Models}},
journal = {Sociological Methodology},
volume = {33},
number = {1},
pages = {241-265},
year = {2003}
}

@Article{MolenaarEtAl_BJMSP2010,
author = {Dylan Molenaar and Conor V Dolan and Normal D Verhelst},
title = {{Testing and modelling non-normality within the one-factor model}},
journal = {British Journal of Mathematical and Statistical Psychology},
year = {2010},
volume = {63},
number = {2},
pages = {293-317}
}

@Article{MolenaarEtAl_SEM2011,
author = {Dylan Molenaar and Conor V Dolan and van der Maas, Han L.J.},
title = {{Modeling Ability Differentiation in the Second-
Order Factor Model}},
journal = {Structural Equation Modeling: A Multidisciplinary Journal},
year = {2011},
volume = {18},
number = {4},
pages = {578-594}
}

@Article{Hall_Biometrics2000,
author = {Daniel Hall},
title = {{Zero-Inflated Poisson and Binomial Regression with Random Effects: A Case Study}},
journal = {Biometrics},
year = {2000},
volume = {56},
number = {4},
pages = {1030-1039}
}

@Article{Wang_JoEdBS2010,
author = {Lijuan Wang},
title = {{IRT-ZIP Modeling for Multivariate Zero-Inflated Count Data}},
journal = {Journal of Educational and Behavioral Statistics},
year = {2010},
volume = {35},
number = {6},
pages = {671-692}
}